<?xml version="1.0" encoding="UTF-8"?>
<record>
  <leader>00935nam#a2200301#c#4500</leader>
  <controlfield tag="005">20210407153130.0</controlfield>
  <controlfield tag="007">tu</controlfield>
  <controlfield tag="008">951208|1993####gw############|||#|#ger#c</controlfield>
  <controlfield tag="003">DE-605</controlfield>
  <controlfield tag="001">990026405480206441</controlfield>
  <datafield tag="016" ind1="7" ind2=" ">
    <subfield code="a">722126366</subfield>
    <subfield code="2">OCoLC</subfield>
  </datafield>
  <datafield tag="020" ind1=" " ind2=" ">
    <subfield code="a">3893505547</subfield>
    <subfield code="9">3-89350-554-7</subfield>
  </datafield>
  <datafield tag="035" ind1=" " ind2=" ">
    <subfield code="a">(DE-605)HT006813395</subfield>
  </datafield>
  <datafield tag="040" ind1=" " ind2=" ">
    <subfield code="a">361</subfield>
    <subfield code="b">ger</subfield>
    <subfield code="d">Zw 1</subfield>
    <subfield code="e">rakwb</subfield>
  </datafield>
  <datafield tag="041" ind1=" " ind2=" ">
    <subfield code="a">ger</subfield>
  </datafield>
  <datafield tag="044" ind1=" " ind2=" ">
    <subfield code="c">XA-DE</subfield>
  </datafield>
  <datafield tag="100" ind1="1" ind2=" ">
    <subfield code="a">Piper, Otto</subfield>
    <subfield code="4">aut</subfield>
  </datafield>
  <datafield tag="245" ind1="1" ind2="0">
    <subfield code="a">Burgenkunde</subfield>
    <subfield code="b">Bauwesen und Geschichte der Burgen</subfield>
    <subfield code="c">von Otto Piper</subfield>
  </datafield>
  <datafield tag="250" ind1=" " ind2=" ">
    <subfield code="a">Neue, verb. u. erw. Aufl., [verb. u. erw. Nachdr. der 3. Aufl. 1912]</subfield>
  </datafield>
  <datafield tag="264" ind1=" " ind2="1">
    <subfield code="a">Augsburg</subfield>
    <subfield code="b">Weltbild-Verl.</subfield>
    <subfield code="c">1993</subfield>
  </datafield>
  <datafield tag="300" ind1=" " ind2=" ">
    <subfield code="a">XX, 711 S. : Ill., graph. Darst.</subfield>
    <subfield code="e">1 Kt. "Burgen und Schlösser"</subfield>
  </datafield>
  <datafield tag="689" ind1="0" ind2="0">
    <subfield code="a">Burg</subfield>
    <subfield code="D">s</subfield>
    <subfield code="0">(DE-588)4009104-1</subfield>
  </datafield>
  <datafield tag="689" ind1="0" ind2="1">
    <subfield code="a">Geschichte</subfield>
    <subfield code="A">z</subfield>
  </datafield>
  <datafield tag="964" ind1="0" ind2="s">
    <subfield code="F">030</subfield>
    <subfield code="A">a|1uc||||||17</subfield>
  </datafield>
  <datafield tag="964" ind1="0" ind2="s">
    <subfield code="F">050</subfield>
    <subfield code="A">a|||||||||||||</subfield>
  </datafield>
  <datafield tag="964" ind1="0" ind2="s">
    <subfield code="F">051</subfield>
    <subfield code="A">m|||||||</subfield>
  </datafield>
  <datafield tag="035" ind1=" " ind2=" ">
    <subfield code="a">(OCoLC)722126366</subfield>
  </datafield>
  <datafield tag="035" ind1=" " ind2=" ">
    <subfield code="a">(DE-599)HBZHT006813395</subfield>
  </datafield>
  <datafield tag="MBD" ind1=" " ind2=" ">
    <subfield code="M">49HBZ_NETWORK</subfield>
    <subfield code="i">990026405480206441</subfield>
    <subfield code="n">HBZ Network</subfield>
  </datafield>
  <datafield tag="MBD" ind1=" " ind2=" ">
    <subfield code="M">49HBZ_HSD</subfield>
    <subfield code="i">991001467889706455</subfield>
    <subfield code="n">Hochschule Duesseldorf</subfield>
  </datafield>
  <datafield tag="020" ind1=" " ind2=" ">
    <subfield code="a">3893505547</subfield>
    <subfield code="9">3-89350-554-7</subfield>
    <subfield code="M">49HBZ_HSD</subfield>
  </datafield>
  <datafield tag="981" ind1=" " ind2=" ">
    <subfield code="a">61907</subfield>
    <subfield code="9">LOCAL</subfield>
    <subfield code="M">49HBZ_HSD</subfield>
  </datafield>
  <datafield tag="983" ind1=" " ind2=" ">
    <subfield code="a">WUJ</subfield>
    <subfield code="9">LOCAL</subfield>
    <subfield code="M">49HBZ_HSD</subfield>
  </datafield>
  <datafield tag="987" ind1="1" ind2=" ">
    <subfield code="a">b</subfield>
    <subfield code="9">LOCAL</subfield>
    <subfield code="M">49HBZ_HSD</subfield>
  </datafield>
  <datafield tag="997" ind1=" " ind2=" ">
    <subfield code="a">20201216</subfield>
    <subfield code="9">LOCAL</subfield>
    <subfield code="M">49HBZ_HSD</subfield>
  </datafield>
  <datafield tag="MBD" ind1=" " ind2=" ">
    <subfield code="M">49HBZ_BRIDGE_LBZ</subfield>
    <subfield code="i">9924059907506</subfield>
    <subfield code="n">Rheinische Landesbibliothek Koblenz</subfield>
  </datafield>
  <datafield tag="020" ind1=" " ind2=" ">
    <subfield code="a">3893505547</subfield>
    <subfield code="9">3-89350-554-7</subfield>
    <subfield code="M">49HBZ_BRIDGE_LBZ</subfield>
  </datafield>
  <datafield tag="MNG" ind1=" " ind2=" ">
    <subfield code="c">System</subfield>
    <subfield code="f">ILS</subfield>
    <subfield code="i">marc21</subfield>
    <subfield code="k">01</subfield>
    <subfield code="e">false</subfield>
    <subfield code="d">2023-04-03 08:32:12 Europe/Berlin</subfield>
    <subfield code="g">002640548-HBZ01</subfield>
    <subfield code="j">60</subfield>
    <subfield code="a">import</subfield>
    <subfield code="b">2021-04-05 20:47:33 Europe/Berlin</subfield>
  </datafield>
  <datafield tag="H52" ind1="8" ind2=" ">
    <subfield code="b">cdd</subfield>
    <subfield code="c">HB</subfield>
    <subfield code="h">11 WUJ 150 (3)</subfield>
    <subfield code="8">2232858500006455</subfield>
  </datafield>
  <datafield tag="HOL" ind1=" " ind2=" ">
    <subfield code="b">2022-08-09 09:18:53</subfield>
    <subfield code="8">2232858500006455</subfield>
    <subfield code="M">49HBZ_HSD</subfield>
    <subfield code="g">false</subfield>
    <subfield code="a">import</subfield>
  </datafield>
  <datafield tag="ITM" ind1=" " ind2=" ">
    <subfield code="H">2232858500006455</subfield>
    <subfield code="x">HB</subfield>
    <subfield code="f">BOOK</subfield>
    <subfield code="v">HB</subfield>
    <subfield code="p">N</subfield>
    <subfield code="X">System</subfield>
    <subfield code="U">2022-08-09 12:59:00 Europe/Berlin</subfield>
    <subfield code="Y">2022-08-09 11:19:33 Europe/Berlin</subfield>
    <subfield code="h">false</subfield>
    <subfield code="n">11 WUJ 150 (3)</subfield>
    <subfield code="M">49HBZ_HSD</subfield>
    <subfield code="s">1</subfield>
    <subfield code="d">8</subfield>
    <subfield code="V">import</subfield>
    <subfield code="b">006392301</subfield>
    <subfield code="N">Haushaltskostenstelle: zz/z | Medientyp: b</subfield>
    <subfield code="a">2332858470006455</subfield>
    <subfield code="R">arc - Architektur</subfield>
    <subfield code="c">11 WUJ 150 (3)</subfield>
    <subfield code="B">BT94-1499A</subfield>
    <subfield code="W">2022-08-09 11:18:53 Europe/Berlin</subfield>
    <subfield code="u">cdd</subfield>
    <subfield code="w">cdd</subfield>
  </datafield>
  <datafield tag="H52" ind1="0" ind2=" ">
    <subfield code="b">R0002</subfield>
    <subfield code="c">00002000</subfield>
    <subfield code="h">KKe 133</subfield>
    <subfield code="8">2210230400007506</subfield>
  </datafield>
  <datafield tag="HOL" ind1=" " ind2=" ">
    <subfield code="d">2023-02-08 19:13:34</subfield>
    <subfield code="8">2210230400007506</subfield>
    <subfield code="b">2023-02-08 19:13:34</subfield>
    <subfield code="M">49HBZ_BRIDGE_LBZ</subfield>
    <subfield code="g">false</subfield>
    <subfield code="a">System</subfield>
    <subfield code="c">System</subfield>
  </datafield>
  <datafield tag="ITM" ind1=" " ind2=" ">
    <subfield code="H">2210230400007506</subfield>
    <subfield code="x">00002000</subfield>
    <subfield code="f">BOOK</subfield>
    <subfield code="v">00002000</subfield>
    <subfield code="p">02</subfield>
    <subfield code="X">System</subfield>
    <subfield code="Y">2009-04-01 02:00:00 Europe/Berlin</subfield>
    <subfield code="n">BBZ 2656</subfield>
    <subfield code="M">49HBZ_BRIDGE_LBZ</subfield>
    <subfield code="s">1</subfield>
    <subfield code="d">0</subfield>
    <subfield code="V">System</subfield>
    <subfield code="b">06542653</subfield>
    <subfield code="a">2310230370007506</subfield>
    <subfield code="c">KKe 133</subfield>
    <subfield code="W">2023-02-08 20:13:34 Europe/Berlin</subfield>
    <subfield code="u">R0002</subfield>
    <subfield code="w">R0002</subfield>
  </datafield>
  <datafield tag="ITM" ind1=" " ind2=" ">
    <subfield code="H">2210230400007506</subfield>
    <subfield code="x">00002000</subfield>
    <subfield code="f">BOOK</subfield>
    <subfield code="v">00002000</subfield>
    <subfield code="p">02</subfield>
    <subfield code="X">System</subfield>
    <subfield code="Y">2009-02-04 01:00:00 Europe/Berlin</subfield>
    <subfield code="n">KKe 133</subfield>
    <subfield code="M">49HBZ_BRIDGE_LBZ</subfield>
    <subfield code="s">1</subfield>
    <subfield code="d">0</subfield>
    <subfield code="V">System</subfield>
    <subfield code="b">07258981</subfield>
    <subfield code="a">2310230380007506</subfield>
    <subfield code="c">KKe 133</subfield>
    <subfield code="W">2023-02-08 20:13:34 Europe/Berlin</subfield>
    <subfield code="u">R0002</subfield>
    <subfield code="w">R0002</subfield>
  </datafield>
</record>
